@article{bilosova2012vibration,
  title={Vibration diagnostics},
  author={Bilosova, Alena and Bilos, Jan},
  journal={Technical University of Ostrava},
  year={2012}
}
@article{ran2019survey,
  title={A Survey of Predictive Maintenance: Systems, Purposes and Approaches},
  author={Ran, Yongyi and Zhou, Xin and Lin, Pengfeng and Wen, Yonggang and Deng, Ruilong},
  journal={arXiv preprint arXiv:1912.07383},
  year={2019}
}
@article{zhang2019data,
  title={Data-driven methods for predictive maintenance of industrial equipment: A survey},
  author={Zhang, Weiting and Yang, Dong and Wang, Hongchao},
  journal={IEEE Systems Journal},
  volume={13},
  number={3},
  pages={2213--2227},
  year={2019},
  publisher={IEEE}
}
@misc{sanger_2019,
  title={Reactive, Preventive \& Predictive Maintenance: IVC Technologies},
  url={https://ivctechnologies.com/2017/08/29/reactive-preventive-predictive-maintenance/},
  journal={Vibration Analysis : Infrared : CBM Services},
  author={Sanger, Don},
  year={2019},
  month={Jan}
}
@book{mobley2002introduction,
  title={An introduction to predictive maintenance},
  author={Mobley, R Keith},
  year={2002},
  publisher={Elsevier}
}
@article{urban1973gas,
  title={Gas path analysis applied to turbine engine condition monitoring},
  author={Urban, Louis A},
  journal={Journal of Aircraft},
  volume={10},
  number={7},
  pages={400--406},
  year={1973}
}
@inproceedings{chollet2017xception,
  title={Xception: Deep learning with depthwise separable convolutions},
  author={Chollet, Fran{\c{c}}ois},
  booktitle={Proceedings of the IEEE conference on computer vision and pattern recognition},
  pages={1251--1258},
  year={2017}
}
@inproceedings{he2016deep,
  title={Deep residual learning for image recognition},
  author={He, Kaiming and Zhang, Xiangyu and Ren, Shaoqing and Sun, Jian},
  booktitle={Proceedings of the IEEE conference on computer vision and pattern recognition},
  pages={770--778},
  year={2016}
}
@mastersthesis{lukany2018,
  title={Application of Fourier and Wavelet Transform for Vibration and Acoustic Analysis of Machinery},
  author={Luk{\'a}ny, Jan},
  type={{B.S.} thesis},
  year={2018},
  school={{\v{C}}esk{\'e} vysok{\'e} u{\v{c}}en{\'\i} technick{\'e} v Praze. Vypo{\v{c}}etn{\'\i} a informa{\v{c}}n{\'\i} centrum.}
}
@misc{Dua:2019,
    author="Dua, Dheeru and Graff, Casey",
    year="2017",
    title="{UCI} Machine Learning Repository",
    url="http://archive.ics.uci.edu/ml",
    institution="University of California, Irvine, School of Information and Computer Sciences"
}
@misc{data_set_turbofan,
  title={Turbofan Engine Degradation Simulation Data Set},
  address={Moffett Field, CA},
  author={A. Saxena and K. Goebel},
  institution={NASA Ames Prognostics Data Repository, NASA Ames Research Center},
  url={https://ti.arc.nasa.gov/tech/dash/groups/pcoe/prognostic-data-repository/},
  year={2008},
}
@misc{data_set_cfrp,
  title={CFRP Composites Data Set},
  address={Moffett Field, CA},
  author={Abhinav Saxena, Kai Goebel, Cecilia C. Larrosa, and Fu-Kuo Chang},
  institution={NASA Ames Prognostics Data Repository, NASA Ames Research Center},
  url={https://ti.arc.nasa.gov/tech/dash/groups/pcoe/prognostic-data-repository/},
}
@misc{data_set_milling,
  title={Milling Data Set},
  address={Moffett Field, CA},
  author={A. Agogino and K. Goebel},
  institution={BEST lab, UC Berkeley, NASA Ames Prognostics Data Repository, NASA Ames Research Center},
  url={https://ti.arc.nasa.gov/tech/dash/groups/pcoe/prognostic-data-repository/},
  year={2007},
}
@misc{data_set_battery,
  title={Battery Data Set},
  address={Moffett Field, CA},
  author={B. Saha and K. Goebel},
  institution={NASA Ames Prognostics Data Repository},
  url={https://ti.arc.nasa.gov/tech/dash/groups/pcoe/prognostic-data-repository/},
  year={2007},
}
@misc{data_set_hydraulic_systems,
  title={Condition monitoring of hydraulic systems Data Set},
  address={Eschberger Weg 46, 66121 SaarbrÜcken},
  author={N. Helwig},
  url={http://archive.ics.uci.edu/ml/datasets/Condition+monitoring+of+hydraulic+systems\#},
  institution={ZeMA gGmbH},
  year={2018},
}
@misc{data_set_aps_scania,
  title={APS Failure at Scania Trucks Data Set},
  author={Tony Lindgren, Jonas Biteus},
  url={https://archive.ics.uci.edu/ml/datasets/APS+Failure+at+Scania+Trucks},
  institution={Scania CV AB},
  year={2016},
}
@misc{data_set_azure_ai_gallery,
  title={Azure AI Gallery Predictive Maintenance Data Set},
  author={Fidan Boylu Uz},
  url={https://gallery.azure.ai/Collection/Predictive-Maintenance-Implementation-Guide-1},
  year={2016},
}
@inproceedings{data_set_phm_2012,
  title={PRONOSTIA: An experimental platform for bearings accelerated degradation tests.},
  author={Nectoux, Patrick and Gouriveau, Rafael and Medjaher, Kamal and Ramasso, Emmanuel and Chebel-Morello, Brigitte and Zerhouni, Noureddine and Varnier, Christophe},
  year={2012}
}
@article{pandas,
    title={pandas: a foundational Python library for data analysis and statistics},
    author={Wes McKinney},
    journal={Python for High Performance and Scientific Computing},
    volume={14},
    year={2011}
}
@inproceedings{xgboost,
 author = {Chen, Tianqi and Guestrin, Carlos},
 title = {{XGBoost}: A Scalable Tree Boosting System},
 booktitle = {Proceedings of the 22nd ACM SIGKDD International Conference on Knowledge Discovery and Data Mining},
 series = {KDD '16},
 year = {2016},
 isbn = {978-1-4503-4232-2},
 location = {San Francisco, California, USA},
 pages = {785--794},
 numpages = {10},
 url = {http://doi.acm.org/10.1145/2939672.2939785},
 doi = {10.1145/2939672.2939785},
 acmid = {2939785},
 publisher = {ACM},
 address = {New York, NY, USA},
 keywords = {large-scale machine learning},
}
@article{nguyen2019new,
  title={A new dynamic predictive maintenance framework using deep learning for failure prognostics},
  author={Nguyen, Khanh TP and Medjaher, Kamal},
  journal={Reliability Engineering \& System Safety},
  volume={188},
  pages={251--262},
  year={2019},
  publisher={Elsevier}
}
@article{aminikhanghahi2017survey,
  title={A survey of methods for time series change point detection},
  author={Aminikhanghahi, Samaneh and Cook, Diane J},
  journal={Knowledge and information systems},
  volume={51},
  number={2},
  pages={339--367},
  year={2017},
  publisher={Springer}
}
@article{murray2005machine,
  title={Machine learning methods for predicting failures in hard drives: A multiple-instance application},
  author={Murray, Joseph F and Hughes, Gordon F and Kreutz-Delgado, Kenneth},
  journal={Journal of Machine Learning Research},
  volume={6},
  number={May},
  pages={783--816},
  year={2005}
}
@article{janssens2016convolutional,
  title={Convolutional neural network based fault detection for rotating machinery},
  author={Janssens, Olivier and Slavkovikj, Viktor and Vervisch, Bram and Stockman, Kurt and Loccufier, Mia and Verstockt, Steven and Van de Walle, Rik and Van Hoecke, Sofie},
  journal={Journal of Sound and Vibration},
  volume={377},
  pages={331--345},
  year={2016},
  publisher={Elsevier}
}
@article{lee2014prognostics,
  title={Prognostics and health management design for rotary machinery systems—Reviews, methodology and applications},
  author={Lee, Jay and Wu, Fangji and Zhao, Wenyu and Ghaffari, Masoud and Liao, Linxia and Siegel, David},
  journal={Mechanical systems and signal processing},
  volume={42},
  number={1-2},
  pages={314--334},
  year={2014},
  publisher={Elsevier}
}
@article{manco2017fault,
  title={Fault detection and explanation through big data analysis on sensor streams},
  author={Manco, Giuseppe and Ritacco, Ettore and Rullo, Pasquale and Gallucci, Lorenzo and Astill, Will and Kimber, Dianne and Antonelli, Marco},
  journal={Expert Systems with Applications},
  volume={87},
  pages={141--156},
  year={2017},
  publisher={Elsevier}
}
@inproceedings{weiss1998learning,
  title={Learning to predict rare events in categorical time-series data},
  author={Weiss, Gary M and Hirsh, Haym},
  booktitle={International Conference on Machine Learning},
  pages={83--90},
  year={1998}
}
@article{ng2016early,
  title={Early detection of heart failure using electronic health records: practical implications for time before diagnosis, data diversity, data quantity, and data density},
  author={Ng, Kenney and Steinhubl, Steven R and deFilippi, Christopher and Dey, Sanjoy and Stewart, Walter F},
  journal={Circulation: Cardiovascular Quality and Outcomes},
  volume={9},
  number={6},
  pages={649--658},
  year={2016},
  publisher={Am Heart Assoc}
}
@article{ranjan2018dataset,
  title={Dataset: rare event classification in multivariate time series},
  author={Ranjan, Chitta and Reddy, Mahendranath and Mustonen, Markku and Paynabar, Kamran and Pourak, Karim},
  journal={arXiv preprint arXiv:1809.10717},
  year={2018}
}
@article{choi2017using,
  title={Using recurrent neural network models for early detection of heart failure onset},
  author={Choi, Edward and Schuetz, Andy and Stewart, Walter F and Sun, Jimeng},
  journal={Journal of the American Medical Informatics Association},
  volume={24},
  number={2},
  pages={361--370},
  year={2017},
  publisher={Oxford University Press}
}
@article{lei2018machinery,
  title={Machinery health prognostics: A systematic review from data acquisition to RUL prediction},
  author={Lei, Yaguo and Li, Naipeng and Guo, Liang and Li, Ningbo and Yan, Tao and Lin, Jing},
  journal={Mechanical Systems and Signal Processing},
  volume={104},
  pages={799--834},
  year={2018},
  publisher={Elsevier}
}
@article{saxena2010metrics,
  title={Metrics for offline evaluation of prognostic performance},
  author={Saxena, Abhinav and Celaya, Jose and Saha, Bhaskar and Saha, Sankalita and Goebel, Kai},
  journal={International Journal of Prognostics and health management},
  volume={1},
  number={1},
  pages={4--23},
  year={2010}
}
@article{xia2018two,
  title={A two-stage approach for the remaining useful life prediction of bearings using deep neural networks},
  author={Xia, Min and Li, Teng and Shu, Tongxin and Wan, Jiafu and De Silva, Clarence W and Wang, Zhongren},
  journal={IEEE Transactions on Industrial Informatics},
  volume={15},
  number={6},
  pages={3703--3711},
  year={2018},
  publisher={IEEE}
}
@article{hu2015online,
  title={Online performance assessment method for a model-based prognostic approach},
  author={Hu, Yang and Baraldi, Piero and Di Maio, Francesco and Zio, Enrico},
  journal={IEEE Transactions on reliability},
  volume={65},
  number={2},
  pages={718--735},
  year={2015},
  publisher={IEEE}
}
@article{baraldi2012kalman,
  title={A Kalman filter-based ensemble approach with application to turbine creep prognostics},
  author={Baraldi, Piero and Mangili, Francesca and Zio, Enrico},
  journal={IEEE Transactions on Reliability},
  volume={61},
  number={4},
  pages={966--977},
  year={2012},
  publisher={IEEE}
}
@article{yang2016health,
  title={Health index-based prognostics for remaining useful life predictions in electrical machines},
  author={Yang, Feng and Habibullah, Mohamed Salahuddin and Zhang, Tianyou and Xu, Zhao and Lim, Pin and Nadarajan, Sivakumar},
  journal={IEEE Transactions on Industrial Electronics},
  volume={63},
  number={4},
  pages={2633--2644},
  year={2016},
  publisher={IEEE}
}
@inproceedings{tatbul2018precision,
  title={Precision and recall for time series},
  author={Tatbul, Nesime and Lee, Tae Jun and Zdonik, Stan and Alam, Mejbah and Gottschlich, Justin},
  booktitle={Advances in Neural Information Processing Systems},
  pages={1920--1930},
  year={2018}
}
@article{ahmad2017unsupervised,
  title={Unsupervised real-time anomaly detection for streaming data},
  author={Ahmad, Subutai and Lavin, Alexander and Purdy, Scott and Agha, Zuha},
  journal={Neurocomputing},
  volume={262},
  pages={134--147},
  year={2017},
  publisher={Elsevier}
}
@article{chandola2009anomaly,
  title={Anomaly detection: A survey},
  author={Chandola, Varun and Banerjee, Arindam and Kumar, Vipin},
  journal={ACM computing surveys (CSUR)},
  volume={41},
  number={3},
  pages={1--58},
  year={2009},
  publisher={ACM New York, NY, USA}
}
@article{tsui2015prognostics,
  title={Prognostics and health management: A review on data driven approaches},
  author={Tsui, Kwok L and Chen, Nan and Zhou, Qiang and Hai, Yizhen and Wang, Wenbin},
  journal={Mathematical Problems in Engineering},
  volume={2015},
  year={2015},
  publisher={Hindawi}
}
@article{widodo2007support,
  title={Support vector machine in machine condition monitoring and fault diagnosis},
  author={Widodo, Achmad and Yang, Bo-Suk},
  journal={Mechanical systems and signal processing},
  volume={21},
  number={6},
  pages={2560--2574},
  year={2007},
  publisher={Elsevier}
}
@inproceedings{heydarzadeh2016gear,
  title={Gear fault diagnosis using discrete wavelet transform and deep neural networks},
  author={Heydarzadeh, Mehrdad and Kia, Shahin Hedayati and Nourani, Mehrdad and Henao, Humberto and Capolino, G{\'e}rard-Andr{\'e}},
  booktitle={IECON 2016-42nd annual conference of the IEEE industrial electronics society},
  pages={1494--1500},
  year={2016},
  organization={IEEE}
}
@incollection{chawla2009data,
  title={Data mining for imbalanced datasets: An overview},
  author={Chawla, Nitesh V},
  booktitle={Data mining and knowledge discovery handbook},
  pages={875--886},
  year={2009},
  publisher={Springer}
}
@article{lopez2013insight,
  title={An insight into classification with imbalanced data: Empirical results and current trends on using data intrinsic characteristics},
  author={L{\'o}pez, Victoria and Fern{\'a}ndez, Alberto and Garc{\'\i}a, Salvador and Palade, Vasile and Herrera, Francisco},
  journal={Information sciences},
  volume={250},
  pages={113--141},
  year={2013},
  publisher={Elsevier}
}
@article{liu2017svm,
  title={A SVM framework for fault detection of the braking system in a high speed train},
  author={Liu, Jie and Li, Yan-Fu and Zio, Enrico},
  journal={Mechanical Systems and Signal Processing},
  volume={87},
  pages={401--409},
  year={2017},
  publisher={Elsevier}
}
@article{ng2014one,
  title={A one-versus-all class binarization strategy for bearing diagnostics of concurrent defects},
  author={Ng, Selina SY and Tse, Peter W and Tsui, Kwok L},
  journal={Sensors},
  volume={14},
  number={1},
  pages={1295--1321},
  year={2014},
  publisher={Multidisciplinary Digital Publishing Institute}
}
@article{guo2017deep,
  title={Deep-learning-based earth fault detection using continuous wavelet transform and convolutional neural network in resonant grounding distribution systems},
  author={Guo, Mou-Fa and Zeng, Xiao-Dan and Chen, Duan-Yu and Yang, Nien-Che},
  journal={IEEE Sensors Journal},
  volume={18},
  number={3},
  pages={1291--1300},
  year={2017},
  publisher={IEEE}
}
@article{jia2016deep,
  title={Deep neural networks: A promising tool for fault characteristic mining and intelligent diagnosis of rotating machinery with massive data},
  author={Jia, Feng and Lei, Yaguo and Lin, Jing and Zhou, Xin and Lu, Na},
  journal={Mechanical Systems and Signal Processing},
  volume={72},
  pages={303--315},
  year={2016},
  publisher={Elsevier}
}
@article{akartepredictive,
  title={Predictive Maintenance of Air Pressure System using Boosting Trees: A Machine Learning Approach},
  author={Akarte, Mrugank M and Hemachandra, N}
}
@article{xiao2016probabilistic,
  title={A probabilistic machine learning approach to detect industrial plant faults},
  author={Xiao, Wei},
  journal={arXiv preprint arXiv:1603.05770},
  year={2016}
}
@article{zhang2017applied,
  title={Applied fault detection and diagnosis for industrial gas turbine systems},
  author={Zhang, Yu and Bingham, Chris and Garlick, Mike and Gallimore, Michael},
  journal={International Journal of Automation and Computing},
  volume={14},
  number={4},
  pages={463--473},
  year={2017},
  publisher={Springer}
}
@article{santos2015svm,
  title={An SVM-based solution for fault detection in wind turbines},
  author={Santos, Pedro and Villa, Luisa F and Re{\~n}ones, An{\'\i}bal and Bustillo, Andres and Maudes, Jes{\'u}s},
  journal={Sensors},
  volume={15},
  number={3},
  pages={5627--5648},
  year={2015},
  publisher={Multidisciplinary Digital Publishing Institute}
}
@article{jahnke2015machine,
  title={Machine learning approaches for failure type detection and predictive maintenance},
  author={Jahnke, Patrick},
  journal={Technische Universit{\"a}t Darmstadt},
  volume={19},
  year={2015}
}
@phdthesis{prytz2014machine,
  title={Machine learning methods for vehicle predictive maintenance using off-board and on-board data},
  author={Prytz, Rune},
  year={2014},
  school={Halmstad University Press}
}
@phdthesis{korvesis2017machine,
  title={Machine learning for predictive maintenance in aviation},
  author={Korvesis, Panagiotis},
  year={2017}
}
@misc{yuan2019, title={WaveletAE: A Wavelet-enhanced Autoencoder for Wind Turbine Blade Icing Detection}, url={https://arxiv.org/abs/1902.05625v2}, journal={arXiv.org}, author={Yuan and Binhang and Wang and Chen and Luo and Chen and Jiang and Fei and Yu and Liu and et al.}, year={2019}, month={Oct}}
@article{peng2018novel,
  title={A novel deeper one-dimensional CNN with residual learning for fault diagnosis of wheelset bearings in high-speed trains},
  author={Peng, Dandan and Liu, Zhiliang and Wang, Huan and Qin, Yong and Jia, Limin},
  journal={IEEE Access},
  volume={7},
  pages={10278--10293},
  year={2018},
  publisher={IEEE}
}
@inproceedings{kauschke2016predicting,
  title={Predicting cargo train failures: A machine learning approach for a lightweight prototype},
  author={Kauschke, Sebastian and F{\"u}rnkranz, Johannes and Janssen, Frederik},
  booktitle={International Conference on Discovery Science},
  pages={151--166},
  year={2016},
  organization={Springer}
}
@inproceedings{jia2018review,
  title={A review of PHM Data Competitions from 2008 to 2017: Methodologies and Analytics},
  author={Jia, Xiaodong and Huang, Bin and Feng, Jianshe and Cai, Haoshu and Lee, Jay},
  booktitle={Proceedings of the Annual Conference of the Prognostics and Health Management Society},
  pages={1--10},
  year={2018}
}
@inproceedings{kauschke2015challenges,
  title={On the Challenges of Real World Data in Predictive Maintenance Scenarios: A Railway Application.},
  author={Kauschke, Sebastian and Janssen, Frederik and Schweizer, Immanuel and Bergmann, R and G{\"u}rg, S and Miiller, G},
  booktitle={LWA},
  pages={121--132},
  year={2015}
}
@misc{data_acoustics_gear,
  title = "High speed gear dataset",
  author = "Eric Bechhoefer",
  url="http://data-acoustics.com/measurements/gear-faults/gear-1/"
},
@techreport{iso_mechanical,
    title={Mechanical vibration—Evaluation of machine vibration by measurements on non-rotating parts},
    author={ISO},
    key={ISO 10816-3},
    type={Standard},
    address = {Geneva, CH},
    institution = {International Organization for Standardization},
    year = {2000},
}
@inproceedings{klausen2018novel,
  title={Novel Threshold Calculations for Remaining Useful Lifetime Estimation of Rolling Element Bearings},
  author={Klausen, Andreas and Van Khang, Huynh and Robbersmyr, Kjell G},
  booktitle={2018 XIII International Conference on Electrical Machines (ICEM)},
  pages={1912--1918},
  year={2018},
  organization={IEEE}
}
@book{chen2017statistical,
  title={Statistical modeling for degradation data},
  author={Chen, Ding-Geng and Lio, Yuhlong and Ng, Hon Keung Tony and Tsai, Tzong-Ru},
  year={2017},
  publisher={Springer}
}
@article{hu2012ensemble,
  title={Ensemble of data-driven prognostic algorithms for robust prediction of remaining useful life},
  author={Hu, Chao and Youn, Byeng D and Wang, Pingfeng and Yoon, Joung Taek},
  journal={Reliability Engineering \& System Safety},
  volume={103},
  pages={120--135},
  year={2012},
  publisher={Elsevier}
}
@incollection{ansari2020prescriptive,
  title={Prescriptive Maintenance of CPPS by Integrating Multimodal Data with Dynamic Bayesian Networks},
  author={Ansari, Fazel and Glawar, Robert and Sihn, Wilfried},
  booktitle={Machine Learning for Cyber Physical Systems},
  pages={1--8},
  year={2020},
  publisher={Springer}
}
@article{wei2013multi,
  title={Multi-sensor information based remaining useful life prediction with anticipated performance},
  author={Wei, Muheng and Chen, Maoyin and Zhou, Donghua},
  journal={IEEE transactions on Reliability},
  volume={62},
  number={1},
  pages={183--198},
  year={2013},
  publisher={IEEE}
}
@misc{westernbearing,
    title={Case Western Reserve University Bearing Data Center},
    url={https://csegroups.case.edu/bearingdatacenter/pages/welcome-case-western-reserve-university-bearing-data-center-website},
}
@inproceedings{datta2007role,
  title={A role of unsupervised clustering for intelligent fault diagnosis},
  author={Datta, A and Mavroidis, C and Hosek, M},
  booktitle={ASME 2007 International Mechanical Engineering Congress and Exposition},
  pages={687--695},
  year={2007},
  organization={American Society of Mechanical Engineers Digital Collection}
}
@article{fink2015classification,
  title={A classification framework for predicting components' remaining useful life based on discrete-event diagnostic data},
  author={Fink, Olga and Zio, Enrico and Weidmann, Ulrich},
  journal={IEEE Transactions on Reliability},
  volume={64},
  number={3},
  pages={1049--1056},
  year={2015},
  publisher={IEEE}
}
@article{susto2014machine,
  title={Machine learning for predictive maintenance: A multiple classifier approach},
  author={Susto, Gian Antonio and Schirru, Andrea and Pampuri, Simone and McLoone, Se{\'a}n and Beghi, Alessandro},
  journal={IEEE Transactions on Industrial Informatics},
  volume={11},
  number={3},
  pages={812--820},
  year={2014},
  publisher={IEEE}
}
@inproceedings{saxena2008metrics,
  title={Metrics for evaluating performance of prognostic techniques},
  author={Saxena, Abhinav and Celaya, Jose and Balaban, Edward and Goebel, Kai and Saha, Bhaskar and Saha, Sankalita and Schwabacher, Mark},
  booktitle={2008 International Conference on Prognostics and Health Management},
  pages={1--17},
  year={2008},
  organization={IEEE}
}
@article{mahadevan2009fault,
  title={Fault detection and diagnosis in process data using one-class support vector machines},
  author={Mahadevan, Sankar and Shah, Sirish L},
  journal={Journal of process control},
  volume={19},
  number={10},
  pages={1627--1639},
  year={2009},
  publisher={Elsevier}
}
@inproceedings{zhao2012decision,
  title={Decision tree-based fault detection and classification in solar photovoltaic arrays},
  author={Zhao, Ye and Yang, Ling and Lehman, Brad and de Palma, Jean-Fran{\c{c}}ois and Mosesian, Jerry and Lyons, Robert},
  booktitle={2012 Twenty-Seventh Annual IEEE Applied Power Electronics Conference and Exposition (APEC)},
  pages={93--99},
  year={2012},
  organization={IEEE}
}
@article{borovicka2012selecting,
  title={Selecting representative data sets},
  author={Borovicka, Tomas and Jirina Jr, Marcel and Kordik, Pavel and Jirina, Marcel},
  journal={Advances in data mining knowledge discovery and applications},
  pages={43--70},
  year={2012},
  publisher={IntechOpen Adem Karahoca}
}
@article{feather1993fault,
  title={Fault detection in an ethernet network using anomaly signature matching},
  author={Feather, Frank and Siewiorek, Dan and Maxion, Roy},
  journal={ACM SIGCOMM Computer Communication Review},
  volume={23},
  number={4},
  pages={279--288},
  year={1993},
  publisher={ACM New York, NY, USA}
}
@inproceedings{kingma2014semi,
  title={Semi-supervised learning with deep generative models},
  author={Kingma, Durk P and Mohamed, Shakir and Rezende, Danilo Jimenez and Welling, Max},
  booktitle={Advances in neural information processing systems},
  pages={3581--3589},
  year={2014}
}
@inproceedings{flach2015precision,
  title={Precision-recall-gain curves: PR analysis done right},
  author={Flach, Peter and Kull, Meelis},
  booktitle={Advances in neural information processing systems},
  pages={838--846},
  year={2015}
}
@article{chen2006decision,
  title={Decision threshold adjustment in class prediction},
  author={Chen, JJ and Tsai, C-A and Moon, H and Ahn, H and Young, JJ and Chen, C-H},
  journal={SAR and QSAR in Environmental Research},
  volume={17},
  number={3},
  pages={337--352},
  year={2006},
  publisher={Taylor \& Francis}
}
@book{manning2008introduction,
  title={Introduction to information retrieval},
  author={Manning, Christopher D and Raghavan, Prabhakar and Sch{\"u}tze, Hinrich},
  year={2008},
  publisher={Cambridge university press}
}
@article{fawcett2006introduction,
  title={An introduction to ROC analysis},
  author={Fawcett, Tom},
  journal={Pattern recognition letters},
  volume={27},
  number={8},
  pages={861--874},
  year={2006},
  publisher={Elsevier}
}
@article{hand2001simple,
  title={A simple generalisation of the area under the ROC curve for multiple class classification problems},
  author={Hand, David J and Till, Robert J},
  journal={Machine learning},
  volume={45},
  number={2},
  pages={171--186},
  year={2001},
  publisher={Springer}
}
@MISC{wind_turbine_failure,
    author = {{JEFF SCHRIER}},
    title = {Wind turbine failure},
    year = {2013},
    url = {https://www.enr.com/articles/42352-are-four-wind-turbine-failures-in-five-weeks-too-many-for-nextera-energy}
}
@article{miao2013remaining,
  title={Remaining useful life prediction of lithium-ion battery with unscented particle filter technique},
  author={Miao, Qiang and Xie, Lei and Cui, Hengjuan and Liang, Wei and Pecht, Michael},
  journal={Microelectronics Reliability},
  volume={53},
  number={6},
  pages={805--810},
  year={2013},
  publisher={Elsevier}
}
@article{lu1993using,
  title={Using degradation measures to estimate a time-to-failure distribution},
  author={Lu, C Joseph and Meeker, William O},
  journal={Technometrics},
  volume={35},
  number={2},
  pages={161--174},
  year={1993},
  publisher={Taylor \& Francis}
}
@book{vachtsevanos2006intelligent,
  title={Intelligent fault diagnosis and prognosis for engineering systems},
  author={Vachtsevanos, George J and Vachtsevanos, George J},
  volume={456},
  year={2006},
  publisher={Wiley Hoboken}
}
@article{wu2018remaining,
  title={Remaining useful life estimation of engineered systems using vanilla LSTM neural networks},
  author={Wu, Yuting and Yuan, Mei and Dong, Shaopeng and Lin, Li and Liu, Yingqi},
  journal={Neurocomputing},
  volume={275},
  pages={167--179},
  year={2018},
  publisher={Elsevier}
}
@inproceedings{nectoux2012pronostia,
  title={PRONOSTIA: An experimental platform for bearings accelerated degradation tests.},
  author={Nectoux, Patrick and Gouriveau, Rafael and Medjaher, Kamal and Ramasso, Emmanuel and Chebel-Morello, Brigitte and Zerhouni, Noureddine and Varnier, Christophe},
  year={2012}
}
@inproceedings{saxena2008damage,
  title={Damage propagation modeling for aircraft engine run-to-failure simulation},
  author={Saxena, Abhinav and Goebel, Kai and Simon, Don and Eklund, Neil},
  booktitle={2008 international conference on prognostics and health management},
  pages={1--9},
  year={2008},
  organization={IEEE}
}
@article{peng2019bayesian,
  title={Bayesian Deep-Learning-Based Health Prognostics Toward Prognostics Uncertainty},
  author={Peng, Weiwen and Ye, Zhi-Sheng and Chen, Nan},
  journal={IEEE Transactions on Industrial Electronics},
  volume={67},
  number={3},
  pages={2283--2293},
  year={2019},
  publisher={IEEE}
}
@article{yoo2018novel,
  title={A novel image feature for the remaining useful lifetime prediction of bearings based on continuous wavelet transform and convolutional neural network},
  author={Yoo, Youngji and Baek, Jun-Geol},
  journal={Applied Sciences},
  volume={8},
  number={7},
  pages={1102},
  year={2018},
  publisher={Multidisciplinary Digital Publishing Institute}
}
@article{jardine2006review,
  title={A review on machinery diagnostics and prognostics implementing condition-based maintenance},
  author={Jardine, Andrew KS and Lin, Daming and Banjevic, Dragan},
  journal={Mechanical systems and signal processing},
  volume={20},
  number={7},
  pages={1483--1510},
  year={2006},
  publisher={Elsevier}
}
@article{ray1996stochastic,
  title={Stochastic modeling of fatigue crack dynamics for on-line failure prognostics},
  author={Ray, Asok and Tangirala, Sekhar},
  journal={IEEE Transactions on Control Systems Technology},
  volume={4},
  number={4},
  pages={443--451},
  year={1996},
  publisher={IEEE}
}
@article{mahamad2010predicting,
  title={Predicting remaining useful life of rotating machinery based artificial neural network},
  author={Mahamad, Abd Kadir and Saon, Sharifah and Hiyama, Takashi},
  journal={Computers \& Mathematics with Applications},
  volume={60},
  number={4},
  pages={1078--1087},
  year={2010},
  publisher={Elsevier}
}
@inproceedings{babu2016deep,
  title={Deep convolutional neural network based regression approach for estimation of remaining useful life},
  author={Babu, Giduthuri Sateesh and Zhao, Peilin and Li, Xiao-Li},
  booktitle={International conference on database systems for advanced applications},
  pages={214--228},
  year={2016},
  organization={Springer}
}
@article{jayasinghe2018temporal,
  title={Temporal convolutional memory networks for remaining useful life estimation of industrial machinery},
  author={Jayasinghe, Lahiru and Samarasinghe, Tharaka and Yuen, Chau and Low, Jenny Chen Ni and Ge, Shuzhi Sam},
  journal={arXiv preprint arXiv:1810.05644},
  year={2018}
}
@article{guo2017recurrent,
  title={A recurrent neural network based health indicator for remaining useful life prediction of bearings},
  author={Guo, Liang and Li, Naipeng and Jia, Feng and Lei, Yaguo and Lin, Jing},
  journal={Neurocomputing},
  volume={240},
  pages={98--109},
  year={2017},
  publisher={Elsevier}
}
@article{hong2014condition,
  title={Condition assessment for the performance degradation of bearing based on a combinatorial feature extraction method},
  author={Hong, Sheng and Zhou, Zheng and Zio, Enrico and Hong, Kan},
  journal={Digital Signal Processing},
  volume={27},
  pages={159--166},
  year={2014},
  publisher={Elsevier}
}
@article{louw2018remaining,
  title={Remaining Useful Life Prediction and Uncertainty Modelling with Bayesian Deep Learning},
  author={Louw, CJ and Heyns, PS},
  journal={Condition Monitoring and Diagnostic Engineering Management},
  pages={267},
  year={2018}
}
@article{he2011prognostics,
  title={Prognostics of lithium-ion batteries based on Dempster--Shafer theory and the Bayesian Monte Carlo method},
  author={He, Wei and Williard, Nicholas and Osterman, Michael and Pecht, Michael},
  journal={Journal of Power Sources},
  volume={196},
  number={23},
  pages={10314--10321},
  year={2011},
  publisher={Elsevier}
}
@article{zhang2018long,
  title={Long short-term memory recurrent neural network for remaining useful life prediction of lithium-ion batteries},
  author={Zhang, Yongzhi and Xiong, Rui and He, Hongwen and Pecht, Michael G},
  journal={IEEE Transactions on Vehicular Technology},
  volume={67},
  number={7},
  pages={5695--5705},
  year={2018},
  publisher={IEEE}
}
@article{mosallam2016data,
  title={Data-driven prognostic method based on Bayesian approaches for direct remaining useful life prediction},
  author={Mosallam, Ahmed and Medjaher, Kamal and Zerhouni, Noureddine},
  journal={Journal of Intelligent Manufacturing},
  volume={27},
  number={5},
  pages={1037--1048},
  year={2016},
  publisher={Springer}
}
@article{ellefsen2019remaining,
  title={Remaining useful life predictions for turbofan engine degradation using semi-supervised deep architecture},
  author={Ellefsen, Andr{\'e} Listou and Bj{\o}rlykhaug, Emil and {\AE}s{\o}y, Vilmar and Ushakov, Sergey and Zhang, Houxiang},
  journal={Reliability Engineering \& System Safety},
  volume={183},
  pages={240--251},
  year={2019},
  publisher={Elsevier}
}
@article{wesley2008current,
  title={Current computational trends in equipment prognostics},
  author={Wesley Hines, J and Usynin, Alexander},
  journal={International Journal of Computational Intelligence Systems},
  volume={1},
  number={1},
  pages={94--102},
  year={2008},
  publisher={Taylor \& Francis}
}
@misc{scikit_classifier_comparison, title={Classifier comparison}, url={https://scikit-learn.org/stable/auto_examples/classification/plot_classifier_comparison.html}, journal={scikit}}
@misc{matplotlib,
  author={The Matplotlib development team},
  title={Matplotlib: Python plotting --- Matplotlib 2.2.2},
  url={https://matplotlib.org}
},
@book{numpy,
  author={Travis E, Oliphant},
  title={A guide to NumPy},
  publisher={USA: Tregol Publishing},
  year={2006}
},
@ARTICLE{jupyter,
  author = {Kluyver, Thomas and Ragan-Kelley, Benjamin and Pérez, Fernando and Granger, Brian and Bussonnier, Matthias and Frederic, Jonathan and Kelley, Kyle and Hamrick, Jessica and Grout, Jason and Corlay, Sylvain and Ivanov, Paul and Avila, Damián and Abdalla, Safia and Willing, Carol and development team Jupyter},
  year = {2016},
  month = {01},
  pages = {},
  title = {Jupyter Notebooks – a publishing format for reproducible computational workflows}
},
@article{scikit-learn,
 title={Scikit-learn: Machine Learning in {P}ython},
 author={Pedregosa, F. and Varoquaux, G. and Gramfort, A. and Michel, V.
         and Thirion, B. and Grisel, O. and Blondel, M. and Prettenhofer, P.
         and Weiss, R. and Dubourg, V. and Vanderplas, J. and Passos, A. and
         Cournapeau, D. and Brucher, M. and Perrot, M. and Duchesnay, E.},
 journal={Journal of Machine Learning Research},
 volume={12},
 pages={2825--2830},
 year={2011}
},
@article{seaborn,
title={mwaskom/seaborn: v0.10.1 (April 2020)}, DOI={10.5281/zenodo.3767070}, abstractNote={<p>This is minor release with bug fixes for issues identified since 0.10.0.</p> <ul> <li>Fixed a bug that appeared within the bootstrapping algorithm on 32-bit systems.</li> <li>Fixed a bug where <code>regplot</code> would crash on singleton inputs. Now a crash is avoided and regression estimation/plotting is skipped.</li> <li>Fixed a bug where <code>heatmap</code> would ignore user-specified under/over/bad values when recentering a colormap.</li> <li>Fixed a bug where <code>heatmap</code> would use values from masked cells when computing default colormap limits.</li> <li>Fixed a bug where <code>despine</code> would cause an error when trying to trim spines on a matplotlib categorical axis.</li> <li>Adapted to a change in matplotlib that caused problems with single swarm plots.</li> <li>Added the <code>showfliers</code> parameter to <code>boxenplot</code> to suppress plotting of outlier data points, matching the API of <code>boxplot</code>.</li> <li>Avoided seeing an error from statmodels when data with an IQR of 0 is passed to <code>kdeplot</code>.</li> <li>Added the <code>legend.title_fontsize</code> to the <code>plotting_context</code> definition.</li> <li>Deprecated several utility functions that are no longer used internally (<code>percentiles</code>, <code>sig_stars</code>, <code>pmf_hist</code>, and <code>sort_df</code>).</li> </ul>}, publisher={Zenodo}, author={Michael Waskom and Olga Botvinnik and Joel Ostblom and Maoz Gelbart and Saulius Lukauskas and Paul Hobson and David C Gemperline and Tom Augspurger and Yaroslav Halchenko and John B. Cole and et al.}, year={2020}, month={Apr}},
@ARTICLE{2020SciPy-NMeth,
       author = {{Virtanen}, Pauli and {Gommers}, Ralf and {Oliphant},
         Travis E. and {Haberland}, Matt and {Reddy}, Tyler and
         {Cournapeau}, David and {Burovski}, Evgeni and {Peterson}, Pearu
         and {Weckesser}, Warren and {Bright}, Jonathan and {van der Walt},
         St{\'e}fan J.  and {Brett}, Matthew and {Wilson}, Joshua and
         {Jarrod Millman}, K.  and {Mayorov}, Nikolay and {Nelson}, Andrew
         R.~J. and {Jones}, Eric and {Kern}, Robert and {Larson}, Eric and
         {Carey}, CJ and {Polat}, {\.I}lhan and {Feng}, Yu and {Moore},
         Eric W. and {Vand erPlas}, Jake and {Laxalde}, Denis and
         {Perktold}, Josef and {Cimrman}, Robert and {Henriksen}, Ian and
         {Quintero}, E.~A. and {Harris}, Charles R and {Archibald}, Anne M.
         and {Ribeiro}, Ant{\^o}nio H. and {Pedregosa}, Fabian and
         {van Mulbregt}, Paul and {Contributors}, SciPy 1. 0},
        title = "{SciPy 1.0: Fundamental Algorithms for Scientific
                  Computing in Python}",
      journal = {Nature Methods},
      year = "2020",
      volume={17},
      pages={261--272},
      adsurl = {https://rdcu.be/b08Wh},
      doi = {https://doi.org/10.1038/s41592-019-0686-2},
},
@misc{poetry, title={Poetry}, url={https://python-poetry.org/}, journal={Poetry}},
@misc{mediumlukany,
    title={Evaluating Probabilistic Classifier: ROC and PR(G) Curves},
    url={https://medium.com/knowledge-engineering-seminar/evaluating-probabilistic-classifier-roc-and-pr-g-curves-6647c3379d60},
    publisher = "Knowledge Engineering Seminar",
    year={2020},
    author={Jan Lukány},
},
@misc{prg,
  author={Meelis Kull, Telmo de Menezes e Silva Filho, Miquel Perello Nieto},
  title={pyprg: Python package for creating Precision-Recall-Gain curves and calculating area under the curve},
  url={https://github.com/meeliskull/prg/tree/master/Python_package}
},
@misc{tsmetric,
    title={Python implementation of paper "Precision and Recall for Time Series"},
    authors={Alexey Kurochkin},
    url={https://github.com/KurochkinAlexey/Time-series-precision-recall}
},
@misc{phm15,
    title={PHM Data Challenge 2015 --- Power Plant Faults},
    year={2015},
    url={https://www.phmsociety.org/events/conference/phm/15/data-challenge},
},
@misc{pr_efficient,
    title={How to efficiently implement Area Under Precision-Recall Curve (PR-AUC)},
    url={https://towardsdatascience.com/how-to-efficiently-implement-area-under-precision-recall-curve-pr-auc-a85872fd7f14},
    year={2020},
    author={Thomas Kurbiel}
}
@article{cortes1995support,
  title={Support vector machine},
  author={Cortes, Corinna and Vapnik, Vladimir},
  journal={Machine learning},
  volume={20},
  number={3},
  pages={273--297},
  year={1995}
}
@article{wang2017new,
  title={A new paradigm of cloud-based predictive maintenance for intelligent manufacturing},
  author={Wang, Jinjiang and Zhang, Laibin and Duan, Lixiang and Gao, Robert X},
  journal={Journal of Intelligent Manufacturing},
  volume={28},
  number={5},
  pages={1125--1137},
  year={2017},
  publisher={Springer}
}
@article{ma2018temperature,
  title={Temperature effect and thermal impact in lithium-ion batteries: A review},
  author={Ma, Shuai and Jiang, Modi and Tao, Peng and Song, Chengyi and Wu, Jianbo and Wang, Jun and Deng, Tao and Shang, Wen},
  journal={Progress in Natural Science: Materials International},
  volume={28},
  number={6},
  pages={653--666},
  year={2018},
  publisher={Elsevier}
}
@book{friedman2001elements,
  title={The elements of statistical learning},
  author={Friedman, Jerome and Hastie, Trevor and Tibshirani, Robert},
  volume={1},
  number={10},
  year={2001},
  publisher={Springer series in statistics New York}
}
@book{goodfellow2016deep,
  title={Deep learning},
  author={Goodfellow, Ian and Bengio, Yoshua and Courville, Aaron},
  year={2016},
  publisher={MIT press}
}
@book{rokach2008data,
  title={Data mining with decision trees: theory and applications},
  author={Rokach, Lior and Maimon, Oded Z},
  volume={69},
  year={2008},
  publisher={World scientific}
}